<?xml version="1.0" encoding="UTF-8"?><collection xmlns="http://www.loc.gov/MARC21/slim"><record><leader>00391nam--2200133-i-4500</leader><controlfield tag="001">000040224</controlfield><controlfield tag="002">20161230</controlfield><controlfield tag="005">20161230201042</controlfield><controlfield tag="008">060222s1000------------r-----000-0-eng-d</controlfield><datafield ind1=" " ind2=" " tag="080"><subfield code="a">574:519.876.5</subfield></datafield><datafield ind1=" " ind2=" " tag="100"><subfield code="a">Sampson,Jeffrey R</subfield></datafield><datafield ind1=" " ind2=" " tag="245"><subfield code="a">Biological information processing. current theory and computer simulation</subfield></datafield><datafield ind1=" " ind2=" " tag="260"><subfield code="a">New York, John Wiley And Sons, 1984. Xvii + 310 P</subfield></datafield><datafield ind1=" " ind2=" " tag="852"><subfield code="a">73925</subfield></datafield></record></collection>